[gd_scene load_steps=13 format=3 uid="uid://d2ttvc7gp5lpc"]

[ext_resource type="PackedScene" uid="uid://d3qq23tunviog" path="res://import/battlestar_galactica_viper_-_mkii/scene.gltf" id="1_iml3p"]
[ext_resource type="Script" path="res://vaisseaux/viper/viperMk2.gd" id="1_wvb8g"]
[ext_resource type="AudioStream" uid="uid://diu2fso120l5q" path="res://sounds/soundEffect/warp engine engage_0.wav" id="3_32xrr"]
[ext_resource type="AudioStream" uid="uid://b1bl5xrp4hx6b" path="res://sounds/soundEffect/ship_hit_02.wav" id="4_xpidc"]

[sub_resource type="Curve" id="Curve_6fq4l"]
_data = [Vector2(0, 1), 0.0, 0.0, 0, 0, Vector2(1, 0), 0.0, 0.0, 0, 0]
point_count = 2

[sub_resource type="CurveTexture" id="CurveTexture_pibmp"]
curve = SubResource("Curve_6fq4l")

[sub_resource type="Curve" id="Curve_yxwvm"]
_data = [Vector2(0, 0), 0.0, 1.4, 0, 0, Vector2(1, 1), 0.0, 0.0, 0, 0]
point_count = 2

[sub_resource type="CurveTexture" id="CurveTexture_w7vqi"]
curve = SubResource("Curve_yxwvm")

[sub_resource type="ParticleProcessMaterial" id="ParticleProcessMaterial_yomhb"]
gravity = Vector3(0, 0, 0)
scale_max = 1.1
scale_curve = SubResource("CurveTexture_pibmp")
turbulence_enabled = true
turbulence_initial_displacement_min = 0.1
turbulence_initial_displacement_max = 0.2
turbulence_influence_over_life = SubResource("CurveTexture_w7vqi")

[sub_resource type="Curve" id="Curve_vxdks"]
_data = [Vector2(0.00649351, 1), 0.0, 0.0, 0, 0, Vector2(0.281385, 0.727273), 0.0, 0.0, 0, 0, Vector2(0.52381, 0.345455), 0.0, 0.0, 0, 0, Vector2(0.670996, 0), 0.0, 0.0, 0, 0, Vector2(1, 0), 0.0, 0.0, 0, 0]
point_count = 5

[sub_resource type="StandardMaterial3D" id="StandardMaterial3D_cm5i8"]
transparency = 1
blend_mode = 1
cull_mode = 2
albedo_color = Color(0.34902, 1, 0.74902, 1)
metallic = 1.0
roughness = 0.5
emission_enabled = true
emission = Color(0, 0.65098, 0.607843, 1)
emission_energy_multiplier = 0.1

[sub_resource type="TubeTrailMesh" id="TubeTrailMesh_te4qf"]
material = SubResource("StandardMaterial3D_cm5i8")
radius = 0.15
section_length = 0.5
section_rings = 1
curve = SubResource("Curve_vxdks")

[node name="viperMk2" type="Node3D"]
script = ExtResource("1_wvb8g")

[node name="scene" parent="." instance=ExtResource("1_iml3p")]
transform = Transform3D(-1, 0, -8.74228e-08, 0, 1, 0, 8.74228e-08, 0, -1, 0, 0.911687, 2.39488)

[node name="particles" type="Node3D" parent="."]

[node name="leftParticule" type="GPUParticles3D" parent="particles"]
transform = Transform3D(1, 0, 0, 0, -0.0242926, 0.999705, 0, -0.999705, -0.0242926, -0.43275, 0.00846046, 2.77628)
local_coords = true
process_material = SubResource("ParticleProcessMaterial_yomhb")
draw_pass_1 = SubResource("TubeTrailMesh_te4qf")

[node name="rightParticule" type="GPUParticles3D" parent="particles"]
transform = Transform3D(1, 0, 0, 0, -0.0242926, 0.999705, 0, -0.999705, -0.0242926, 0.446315, 0.00846046, 2.77628)
local_coords = true
process_material = SubResource("ParticleProcessMaterial_yomhb")
draw_pass_1 = SubResource("TubeTrailMesh_te4qf")

[node name="topParticule" type="GPUParticles3D" parent="particles"]
transform = Transform3D(1, 0, 0, 0, -0.0242926, 0.999705, 0, -0.999705, -0.0242926, -0.00265449, 0.283146, 3.05377)
local_coords = true
process_material = SubResource("ParticleProcessMaterial_yomhb")
draw_pass_1 = SubResource("TubeTrailMesh_te4qf")

[node name="AudioStreamPlayer3DEngine" type="AudioStreamPlayer3D" parent="."]
stream = ExtResource("3_32xrr")
unit_size = 150.0
max_polyphony = 3
panning_strength = 5.0
bus = &"vaisseau"

[node name="GunRight" type="Node3D" parent="."]
transform = Transform3D(1, 0, 0, 0, 1, 0, 0, 0, 1, 0.611595, -0.236065, -0.718168)

[node name="GunLeft" type="Node3D" parent="."]
transform = Transform3D(1, 0, 0, 0, 1, 0, 0, 0, 1, -0.614174, -0.2369, -0.719432)

[node name="RayCast3D" type="RayCast3D" parent="."]
transform = Transform3D(1, 0, 0, 0, 1, 0, 0, 0, 1, 0, 0, -3.5)
target_position = Vector3(0, 0, -100000)
hit_from_inside = true
collide_with_areas = true
debug_shape_thickness = 5

[node name="AudioStreamPlayer3DGun" type="AudioStreamPlayer3D" parent="."]
stream = ExtResource("4_xpidc")
max_polyphony = 5
bus = &"weapons"

[node name="SpotLight3D" type="SpotLight3D" parent="."]
transform = Transform3D(1, 0, 0, 0, 1, 0, 0, 0, 1, 0, 0, -2.6606)
light_energy = 5.04
shadow_enabled = true
spot_range = 600.0
spot_attenuation = 0.129408
spot_angle = 15.0
